% use `texdoc biblatex` to get help
@www{PlatonicSolid,
    title = {Platonic solid},
    author = {Wikipedia},
    url = {https://en.wikipedia.org/wiki/Platonic_solid},
}
@www{zjugradthesisrules,
    title = {浙江大学研究生学位论文编写规则},
    author = {浙江大学研究生院},
    year = {2008},
    url = {http://grs.zju.edu.cn/redir.php?catalog_id=10038&object_id=12877},
}
@article{picano2004sustainability,
  title={Sustainability of medical imaging},
  author={Picano, Eugenio},
  journal={Bmj},
  volume={328},
  number={7439},
  pages={578--580},
  year={2004},
  publisher={British Medical Journal Publishing Group}
}
@article{giedd1999brain,
  title={Brain development during childhood and adolescence: a longitudinal MRI study},
  author={Giedd, Jay N and Blumenthal, Jonathan and Jeffries, Neal O and Castellanos, F Xavier and Liu, Hong and Zijdenbos, Alex and Paus, Tom{\'a}{\v{s}} and Evans, Alan C and Rapoport, Judith L},
  journal={Nature neuroscience},
  volume={2},
  number={10},
  pages={861--863},
  year={1999},
  publisher={Nature Publishing Group}
}
@article{poldrack2006can,
  title={Can cognitive processes be inferred from neuroimaging data?},
  author={Poldrack, Russell A},
  journal={Trends in cognitive sciences},
  volume={10},
  number={2},
  pages={59--63},
  year={2006},
  publisher={Elsevier}
}
@article{mueller2005alzheimer,
  title={The Alzheimer's disease neuroimaging initiative},
  author={Mueller, Susanne G and Weiner, Michael W and Thal, Leon J and Petersen, Ronald C and Jack, Clifford and Jagust, William and Trojanowski, John Q and Toga, Arthur W and Beckett, Laurel},
  journal={Neuroimaging Clinics},
  volume={15},
  number={4},
  pages={869--877},
  year={2005},
  publisher={Elsevier}
}
@article{brooks2003assessment,
  title={Assessment of neuroimaging techniques as biomarkers of the progression of Parkinson's disease},
  author={Brooks, DJ and Frey, KA and Marek, KL and Oakes, D and Paty, D and Prentice, R and Shults, CW and Stoessl, AJ},
  journal={Experimental neurology},
  volume={184},
  pages={68--79},
  year={2003},
  publisher={Elsevier}
}
@article{anagnostou2011review,
  title={Review of neuroimaging in autism spectrum disorders: what have we learned and where we go from here},
  author={Anagnostou, Evdokia and Taylor, Margot J},
  journal={Molecular autism},
  volume={2},
  number={1},
  pages={1--9},
  year={2011},
  publisher={Springer}
}
@article{van2013wu,
  title={The WU-Minn human connectome project: an overview},
  author={Van Essen, David C and Smith, Stephen M and Barch, Deanna M and Behrens, Timothy EJ and Yacoub, Essa and Ugurbil, Kamil and Wu-Minn HCP Consortium and others},
  journal={Neuroimage},
  volume={80},
  pages={62--79},
  year={2013},
  publisher={Elsevier}
}
@article{howell2019unc,
  title={The UNC/UMN Baby Connectome Project (BCP): An overview of the study design and protocol development},
  author={Howell, Brittany R and Styner, Martin A and Gao, Wei and Yap, Pew-Thian and Wang, Li and Baluyot, Kristine and Yacoub, Essa and Chen, Geng and Potts, Taylor and Salzwedel, Andrew and others},
  journal={NeuroImage},
  volume={185},
  pages={891--905},
  year={2019},
  publisher={Elsevier}
}
@article{makropoulos2018developing,
  title={The developing human connectome project: A minimal processing pipeline for neonatal cortical surface reconstruction},
  author={Makropoulos, Antonios and Robinson, Emma C and Schuh, Andreas and Wright, Robert and Fitzgibbon, Sean and Bozek, Jelena and Counsell, Serena J and Steinweg, Johannes and Vecchiato, Katy and Passerat-Palmbach, Jonathan and others},
  journal={Neuroimage},
  volume={173},
  pages={88--112},
  year={2018},
  publisher={Elsevier}
}
@article{thompson2003dynamics,
  title={Dynamics of gray matter loss in Alzheimer's disease},
  author={Thompson, Paul M and Hayashi, Kiralee M and De Zubicaray, Greig and Janke, Andrew L and Rose, Stephen E and Semple, James and Herman, David and Hong, Michael S and Dittmer, Stephanie S and Doddrell, David M and others},
  journal={Journal of neuroscience},
  volume={23},
  number={3},
  pages={994--1005},
  year={2003},
  publisher={Soc Neuroscience}
}
@article{wang2019developmental,
  title={Developmental topography of cortical thickness during infancy},
  author={Wang, Fan and Lian, Chunfeng and Wu, Zhengwang and Zhang, Han and Li, Tengfei and Meng, Yu and Wang, Li and Lin, Weili and Shen, Dinggang and Li, Gang},
  journal={Proceedings of the National Academy of Sciences},
  volume={116},
  number={32},
  pages={15855--15860},
  year={2019},
  publisher={National Acad Sciences}
}
@article{glasser2013minimal,
  title={The minimal preprocessing pipelines for the Human Connectome Project},
  author={Glasser, Matthew F and Sotiropoulos, Stamatios N and Wilson, J Anthony and Coalson, Timothy S and Fischl, Bruce and Andersson, Jesper L and Xu, Junqian and Jbabdi, Saad and Webster, Matthew and Polimeni, Jonathan R and others},
  journal={Neuroimage},
  volume={80},
  pages={105--124},
  year={2013},
  publisher={Elsevier}
}
@article{shen2017deep,
  title={Deep learning in medical image analysis},
  author={Shen, Dinggang and Wu, Guorong and Suk, Heung-Il},
  journal={Annual review of biomedical engineering},
  volume={19},
  pages={221--248},
  year={2017},
  publisher={Annual Reviews}
}
@article{litjens2017survey,
  title={A survey on deep learning in medical image analysis},
  author={Litjens, Geert and Kooi, Thijs and Bejnordi, Babak Ehteshami and Setio, Arnaud Arindra Adiyoso and Ciompi, Francesco and Ghafoorian, Mohsen and Van Der Laak, Jeroen Awm and Van Ginneken, Bram and S{\'a}nchez, Clara I},
  journal={Medical image analysis},
  volume={42},
  pages={60--88},
  year={2017},
  publisher={Elsevier}
}
@book{goodfellow2016deep,
  title={Deep learning},
  author={Goodfellow, Ian and Bengio, Yoshua and Courville, Aaron and Bengio, Yoshua},
  volume={1},
  number={2},
  year={2016},
  publisher={MIT press Cambridge}
}



@article{yeo2009spherical,
	title={Spherical demons: fast diffeomorphic landmark-free surface registration},
	author={Yeo, BT Thomas and Sabuncu, Mert R and Vercauteren, Tom and Ayache, Nicholas and Fischl, Bruce and Golland, Polina},
	journal={IEEE transactions on medical imaging},
	volume={29},
	number={3},
	pages={650--668},
	year={2009},
	publisher={IEEE}
}
@article{fischl1999high,
	title={High-resolution intersubject averaging and a coordinate system for the cortical surface},
	author={Fischl, Bruce and Sereno, Martin I and Tootell, Roger BH and Dale, Anders M},
	journal={Human brain mapping},
	volume={8},
	number={4},
	pages={272--284},
	year={1999},
	publisher={Wiley Online Library}
}
@article{robinson2014msm,
	title={MSM: a new flexible framework for Multimodal Surface Matching},
	author={Robinson, Emma C and Jbabdi, Saad and Glasser, Matthew F and Andersson, Jesper and Burgess, Gregory C and Harms, Michael P and Smith, Stephen M and Van Essen, David C and Jenkinson, Mark},
	journal={Neuroimage},
	volume={100},
	pages={414--426},
	year={2014},
	publisher={Elsevier}
}
@article{robinson2018multimodal,
	title={Multimodal surface matching with higher-order smoothness constraints},
	author={Robinson, Emma C and Garcia, Kara and Glasser, Matthew F and Chen, Zhengdao and Coalson, Timothy S and Makropoulos, Antonios and Bozek, Jelena and Wright, Robert and Schuh, Andreas and Webster, Matthew and others},
	journal={Neuroimage},
	volume={167},
	pages={453--465},
	year={2018},
	publisher={Elsevier}
}
@article{lyu2019hierarchical,
	title={Hierarchical spherical deformation for cortical surface registration},
	author={Lyu, Ilwoo and Kang, Hakmook and Woodward, Neil D and Styner, Martin A and Landman, Bennett A},
	journal={Medical image analysis},
	volume={57},
	pages={72--88},
	year={2019},
	publisher={Elsevier}
}
@article{coalson2018impact,
	title={The impact of traditional neuroimaging methods on the spatial localization of cortical areas},
	author={Coalson, Timothy S and Van Essen, David C and Glasser, Matthew F},
	journal={Proceedings of the National Academy of Sciences},
	volume={115},
	number={27},
	pages={E6356--E6365},
	year={2018},
	publisher={National Acad Sciences}
}
@article{li2019computational,
	title={Computational neuroanatomy of baby brains: A review},
	author={Li, Gang and Wang, Li and Yap, Pew-Thian and Wang, Fan and Wu, Zhengwang and Meng, Yu and Dong, Pei and Kim, Jaeil and Shi, Feng and Rekik, Islem and others},
	journal={NeuroImage},
	volume={185},
	pages={906--925},
	year={2019},
	publisher={Elsevier}
}
@article{vercauteren2009diffeomorphic,
	title={Diffeomorphic demons: Efficient non-parametric image registration},
	author={Vercauteren, Tom and Pennec, Xavier and Perchant, Aymeric and Ayache, Nicholas},
	journal={NeuroImage},
	volume={45},
	number={1},
	pages={S61--S72},
	year={2009},
	publisher={Elsevier}
}
@inproceedings{arsigny2006log,
	title={A log-euclidean framework for statistics on diffeomorphisms},
	author={Arsigny, Vincent and Commowick, Olivier and Pennec, Xavier and Ayache, Nicholas},
	booktitle={International Conference on Medical Image Computing and Computer-Assisted Intervention},
	pages={924--931},
	year={2006},
	organization={Springer}
}
@article{glasser2016multi,
	title={A multi-modal parcellation of human cerebral cortex},
	author={Glasser, Matthew F and Coalson, Timothy S and Robinson, Emma C and Hacker, Carl D and Harwell, John and Yacoub, Essa and Ugurbil, Kamil and Andersson, Jesper and Beckmann, Christian F and Jenkinson, Mark and others},
	journal={Nature},
	volume={536},
	number={7615},
	pages={171--178},
	year={2016},
	publisher={Nature Publishing Group}
}
@inproceedings{lombaert2013diffeomorphic,
	title={Diffeomorphic spectral matching of cortical surfaces},
	author={Lombaert, Herve and Sporring, Jon and Siddiqi, Kaleem},
	booktitle={International Conference on Information Processing in Medical Imaging},
	pages={376--389},
	year={2013},
	organization={Springer}
}
@article{nenning2017diffeomorphic,
	title={Diffeomorphic functional brain surface alignment: Functional demons},
	author={Nenning, Karl-Heinz and Liu, Hesheng and Ghosh, Satrajit S and Sabuncu, Mert R and Schwartz, Ernst and Langs, Georg},
	journal={NeuroImage},
	volume={156},
	pages={456--465},
	year={2017},
	publisher={Elsevier}
}
@article{conroy2013inter,
	title={Inter-subject alignment of human cortical anatomy using functional connectivity},
	author={Conroy, Bryan R and Singer, Benjamin D and Guntupalli, J Swaroop and Ramadge, Peter J and Haxby, James V},
	journal={NeuroImage},
	volume={81},
	pages={400--411},
	year={2013},
	publisher={Elsevier}
}
@inproceedings{cao2016learning,
	title={Learning-based multimodal image registration for prostate cancer radiation therapy},
	author={Cao, Xiaohuan and Gao, Yaozong and Yang, Jianhua and Wu, Guorong and Shen, Dinggang},
	booktitle={International Conference on Medical Image Computing and Computer-Assisted Intervention},
	pages={1--9},
	year={2016},
	organization={Springer}
}
@inproceedings{dalca2018unsupervised,
	title={Unsupervised learning for fast probabilistic diffeomorphic registration},
	author={Dalca, Adrian V and Balakrishnan, Guha and Guttag, John and Sabuncu, Mert R},
	booktitle={International Conference on Medical Image Computing and Computer-Assisted Intervention},
	pages={729--738},
	year={2018},
	organization={Springer}
}
@inproceedings{balakrishnan2018unsupervised,
	title={An unsupervised learning model for deformable medical image registration},
	author={Balakrishnan, Guha and Zhao, Amy and Sabuncu, Mert R and Guttag, John and Dalca, Adrian V},
	booktitle={Proceedings of the IEEE conference on computer vision and pattern recognition},
	pages={9252--9260},
	year={2018}
}
@inproceedings{niethammer2019metric,
	title={Metric learning for image registration},
	author={Niethammer, Marc and Kwitt, Roland and Vialard, Francois-Xavier},
	booktitle={Proceedings of the IEEE Conference on Computer Vision and Pattern Recognition},
	pages={8463--8472},
	year={2019}
}
@inproceedings{krebs2017robust,
	title={Robust non-rigid registration through agent-based action learning},
	author={Krebs, Julian and Mansi, Tommaso and Delingette, Herv{\'e} and Zhang, Li and Ghesu, Florin C and Miao, Shun and Maier, Andreas K and Ayache, Nicholas and Liao, Rui and Kamen, Ali},
	booktitle={International Conference on Medical Image Computing and Computer-Assisted Intervention},
	pages={344--352},
	year={2017},
	organization={Springer}
}
@inproceedings{rohe2017svf,
	title={SVF-Net: Learning deformable image registration using shape matching},
	author={Roh{\'e}, Marc-Michel and Datar, Manasi and Heimann, Tobias and Sermesant, Maxime and Pennec, Xavier},
	booktitle={International conference on medical image computing and computer-assisted intervention},
	pages={266--274},
	year={2017},
	organization={Springer}
}
@article{de2019deep,
	title={A deep learning framework for unsupervised affine and deformable image registration},
	author={de Vos, Bob D and Berendsen, Floris F and Viergever, Max A and Sokooti, Hessam and Staring, Marius and I{\v{s}}gum, Ivana},
	journal={Medical image analysis},
	volume={52},
	pages={128--143},
	year={2019},
	publisher={Elsevier}
}
@article{zhou2020unsupervised,
	title={Unsupervised Deformable Medical Image Registration via Pyramidal Residual Deformation Fields Estimation},
	author={Zhou, Yujia and Pang, Shumao and Cheng, Jun and Sun, Yuhang and Wu, Yi and Zhao, Lei and Liu, Yaqin and Lu, Zhentai and Yang, Wei and Feng, Qianjin},
	journal={arXiv preprint arXiv:2004.07624},
	year={2020}
}
@article{beg2005computing,
	title={Computing large deformation metric mappings via geodesic flows of diffeomorphisms},
	author={Beg, M Faisal and Miller, Michael I and Trouv{\'e}, Alain and Younes, Laurent},
	journal={International journal of computer vision},
	volume={61},
	number={2},
	pages={139--157},
	year={2005},
	publisher={Springer}
}
@article{krebs2019learning,
	title={Learning a probabilistic model for diffeomorphic registration},
	author={Krebs, Julian and Delingette, Herv{\'e} and Mailh{\'e}, Boris and Ayache, Nicholas and Mansi, Tommaso},
	journal={IEEE transactions on medical imaging},
	volume={38},
	number={9},
	pages={2165--2176},
	year={2019},
	publisher={IEEE}
}
@book{olver2000applications,
	title={Applications of Lie groups to differential equations},
	author={Olver, Peter J},
	volume={107},
	year={2000},
	publisher={Springer Science \& Business Media}
}
@inproceedings{hu2017deep,
	title={Deep 360 pilot: Learning a deep agent for piloting through 360 sports videos},
	author={Hu, Hou-Ning and Lin, Yen-Chen and Liu, Ming-Yu and Cheng, Hsien-Tzu and Chang, Yung-Ju and Sun, Min},
	booktitle={2017 IEEE Conference on Computer Vision and Pattern Recognition (CVPR)},
	pages={1396--1405},
	year={2017},
	organization={IEEE}
}
@article{jiang2019spherical,
	title={Spherical CNNs on unstructured grids},
	author={Jiang, Chiyu and Huang, Jingwei and Kashinath, Karthik and Marcus, Philip and Niessner, Matthias and others},
	journal={arXiv preprint arXiv:1901.02039},
	year={2019}
}
@inproceedings{wu2018registration,
	title={Registration-free infant cortical surface parcellation using deep convolutional neural networks},
	author={Wu, Zhengwang and Li, Gang and Wang, Li and Shi, Feng and Lin, Weili and Gilmore, John H and Shen, Dinggang},
	booktitle={International Conference on Medical Image Computing and Computer-Assisted Intervention},
	pages={672--680},
	year={2018},
	organization={Springer}
}
@inproceedings{parvathaneni2019cortical,
	title={Cortical Surface Parcellation using Spherical Convolutional Neural Networks},
	author={Parvathaneni, Prasanna and Bao, Shunxing and Nath, Vishwesh and Woodward, Neil D and Claassen, Daniel O and Cascio, Carissa J and Zald, David H and Huo, Yuankai and Landman, Bennett A and Lyu, Ilwoo},
	booktitle={International Conference on Medical Image Computing and Computer-Assisted Intervention},
	pages={501--509},
	year={2019},
	organization={Springer}
}
@inproceedings{esteves2018learning,
	title={Learning so (3) equivariant representations with spherical cnns},
	author={Esteves, Carlos and Allen-Blanchette, Christine and Makadia, Ameesh and Daniilidis, Kostas},
	booktitle={Proceedings of the European Conference on Computer Vision (ECCV)},
	pages={52--68},
	year={2018}
}
@article{cohen2018spherical,
	title={Spherical cnns},
	author={Cohen, Taco S and Geiger, Mario and K{\"o}hler, Jonas and Welling, Max},
	journal={arXiv preprint arXiv:1801.10130},
	year={2018}
}
@article{kingma2014adam,
	title={Adam: A method for stochastic optimization},
	author={Kingma, Diederik P and Ba, Jimmy},
	journal={arXiv preprint arXiv:1412.6980},
	year={2014}
}
@article{namic,
	title={https://www.insight-journal.org/midas/item/view/2467}
}
@article{2014measuring,
	title={Measuring the dynamic longitudinal cortex development in infants by reconstruction of temporally consistent cortical surfaces},
	author={Li, Gang and Nie, Jingxin and Wang, Li and Shi, Feng and Gilmore, John H and Lin, Weili and Shen, Dinggang},
	journal={Neuroimage},
	volume={90},
	pages={266--279},
	year={2014},
	publisher={Elsevier}
}
@article{gordon2016generation,
	title={Generation and evaluation of a cortical area parcellation from resting-state correlations},
	author={Gordon, Evan M and Laumann, Timothy O and Adeyemo, Babatunde and Huckins, Jeremy F and Kelley, William M and Petersen, Steven E},
	journal={Cerebral cortex},
	volume={26},
	number={1},
	pages={288--303},
	year={2016},
	publisher={Oxford University Press}
}
@article{paszke2017automatic,
	title={Automatic differentiation in pytorch},
	author={Paszke, Adam and Gross, Sam and Chintala, Soumith and Chanan, Gregory and Yang, Edward and DeVito, Zachary and Lin, Zeming and Desmaison, Alban and Antiga, Luca and Lerer, Adam},
	year={2017}
}
@inproceedings{zhao2018distortion,
	title={Distortion-aware CNNs for Spherical Images.},
	author={Zhao, Qiang and Zhu, Chen and Dai, Feng and Ma, Yike and Jin, Guoqing and Zhang, Yongdong},
	booktitle={IJCAI},
	pages={1198--1204},
	year={2018}
}
@article{cheng2020cortical,
title = "Cortical surface registration using unsupervised learning",
journal = "NeuroImage",
volume = "221",
pages = "117161",
year = "2020",
issn = "1053-8119",
doi = "https://doi.org/10.1016/j.neuroimage.2020.117161",
author = "Jieyu Cheng and Adrian V. Dalca and Bruce Fischl and Lilla Zöllei",
keywords = "Cortical surface registration, Deep learning, Unsupervised learning, SphereMorph, Subject-to-atlas registration",
abstract = "Non-rigid cortical registration is an important and challenging task due to the geometric complexity of the human cortex and the high degree of inter-subject variability. A conventional solution is to use a spherical representation of surface properties and perform registration by aligning cortical folding patterns in that space. This strategy produces accurate spatial alignment, but often requires high computational cost. Recently, convolutional neural networks (CNNs) have demonstrated the potential to dramatically speed up volumetric registration. However, due to distortions introduced by projecting a sphere to a 2D plane, a direct application of recent learning-based methods to surfaces yields poor results. In this study, we present SphereMorph, a diffeomorphic registration framework for cortical surfaces using deep networks that addresses these issues. SphereMorph uses a UNet-style network associated with a spherical kernel to learn the displacement field and warps the sphere using a modified spatial transformer layer. We propose a resampling weight in computing the data fitting loss to account for distortions introduced by polar projection, and demonstrate the performance of our proposed method on two tasks, including cortical parcellation and group-wise functional area alignment. The experiments show that the proposed SphereMorph is capable of modeling the geometric registration problem in a CNN framework and demonstrate superior registration accuracy and computational efficiency. The source code of SphereMorph will be released to the public upon acceptance of this manuscript at https://github.com/voxelmorph/spheremorph."
}
@inproceedings{coors2018spherenet,
	title={Spherenet: Learning spherical representations for detection and classification in omnidirectional images},
	author={Coors, Benjamin and Paul Condurache, Alexandru and Geiger, Andreas},
	booktitle={Proceedings of the European Conference on Computer Vision (ECCV)},
	pages={518--533},
	year={2018}
}
@inproceedings{huang2020construction,
	title={Construction of Spatiotemporal Infant Cortical Surface Functional Templates},
	author={Huang, Ying and Wang, Fan and Wu, Zhengwang and Chen, Zengsi and Zhang, Han and Wang, Li and Lin, Weili and Shen, Dinggang and Li, Gang and UNC/UMN Baby Connectome Project Consortium and others},
	booktitle={International Conference on Medical Image Computing and Computer-Assisted Intervention},
	pages={238--248},
	year={2020},
	organization={Springer}
}
@inproceedings{he2020self,
	title={Self domain adapted network},
	author={He, Yufan and Carass, Aaron and Zuo, Lianrui and Dewey, Blake E and Prince, Jerry L},
	booktitle={International Conference on Medical Image Computing and Computer-Assisted Intervention},
	pages={437--446},
	year={2020},
	organization={Springer}
}
@inproceedings{zhong2020domain,
	title={Domain-Invariant Prior Knowledge Guided Attention Networks for Robust Skull Stripping of Developing Macaque Brains},
	author={Zhong, Tao and Zhang, Yu and Zhao, Fenqiang and Pei, Yuchen and Liao, Lufan and Ning, Zhenyuan and Wang, Li and Shen, Dinggang and Li, Gang},
	booktitle={International Conference on Medical Image Computing and Computer-Assisted Intervention},
	pages={22--32},
	year={2020},
	organization={Springer}
}
@article{jack2008alzheimer,
	title={The Alzheimer's disease neuroimaging initiative (ADNI): MRI methods},
	author={Jack Jr, Clifford R and Bernstein, Matt A and Fox, Nick C and Thompson, Paul and Alexander, Gene and Harvey, Danielle and Borowski, Bret and Britson, Paula J and L. Whitwell, Jennifer and Ward, Chadwick and others},
	journal={Journal of Magnetic Resonance Imaging},
	volume={27},
	number={4},
	pages={685--691},
	year={2008},
	publisher={Wiley Online Library}
}
@inproceedings{wang2018volume,
	title={Volume-based analysis of 6-month-old infant brain MRI for autism biomarker identification and early diagnosis},
	author={Wang, Li and Li, Gang and Shi, Feng and Cao, Xiaohuan and Lian, Chunfeng and Nie, Dong and Liu, Mingxia and Zhang, Han and Li, Guannan and Wu, Zhengwang and others},
	booktitle={International conference on medical image computing and computer-assisted intervention},
	pages={411--419},
	year={2018},
	organization={Springer}
}
@inproceedings{li2010cortical,
	title={Cortical surface based identification of brain networks using high spatial resolution resting state fMRI data},
	author={Li, Kaiming and Guo, Lei and Li, Gang and Nie, Jingxin and Faraco, Carlos and Zhao, Qun and Miller, L Stephen and Liu, Tianming},
	booktitle={2010 IEEE International Symposium on Biomedical Imaging: From Nano to Macro},
	pages={656--659},
	year={2010},
	organization={IEEE}
}
@article{zhao2021sphericalDeformable,
	title={Spherical Deformable U-Net: Application to Cortical Surface Parcellation and Development Prediction.},
	author={Zhao, Fenqiang and Wu, Zhengwang and Wang, Li and Lin, Weili and Gilmore, John H and Xia, Shunren and Shen, Dinggang and Li, Gang},
	journal={IEEE Transactions on Medical Imaging}
}
@article{zhong2020dika,
	title={DIKA-Nets: Domain-Invariant Knowledge-guided Attention Networks for Brain Skull Stripping of Early Developing Macaques},
	author={Zhong, Tao and Zhao, Fenqiang and Pei, Yuchen and Ning, Zhenyuan and Liao, Lufan and Wu, Zhengwang and Niu, Yuyu and Wang, Li and Shen, Dinggang and Zhang, Yu and others},
	journal={NeuroImage},
	pages={117649},
	year={2021},
	publisher={Elsevier}
}
@article{desikan2006automated,
	title={An automated labeling system for subdividing the human cerebral cortex on MRI scans into gyral based regions of interest},
	author={Desikan, Rahul S and S{\'e}gonne, Florent and Fischl, Bruce and Quinn, Brian T and Dickerson, Bradford C and Blacker, Deborah and Buckner, Randy L and Dale, Anders M and Maguire, R Paul and Hyman, Bradley T and others},
	journal={Neuroimage},
	volume={31},
	number={3},
	pages={968--980},
	year={2006},
	publisher={Elsevier}
}
@article{moller1997fast,
	title={A fast triangle-triangle intersection test},
	author={M{\"o}ller, Tomas},
	journal={Journal of graphics tools},
	volume={2},
	number={2},
	pages={25--30},
	year={1997},
	publisher={Taylor \& Francis}
}
@article{rohlfing2011image,
	title={Image similarity and tissue overlaps as surrogates for image registration accuracy: widely used but unreliable},
	author={Rohlfing, Torsten},
	journal={IEEE transactions on medical imaging},
	volume={31},
	number={2},
	pages={153--163},
	year={2011},
	publisher={IEEE}
}
@article{hu2020disentangled,
	title={Disentangled-Multimodal Adversarial Autoencoder: Application to Infant Age Prediction With Incomplete Multimodal Neuroimages},
	author={Hu, Dan and Zhang, Han and Wu, Zhengwang and Wang, Fan and Wang, Li and Smith, J Keith and Lin, Weili and Li, Gang and Shen, Dinggang},
	journal={IEEE Transactions on Medical Imaging},
	volume={39},
	number={12},
	pages={4137--4149},
	year={2020},
	publisher={IEEE}
}
@article{li2015spatiotemporal,
	title={Spatiotemporal patterns of cortical fiber density in developing infants, and their relationship with cortical thickness},
	author={Li, Gang and Liu, Tianming and Ni, Dong and Lin, Weili and Gilmore, John H and Shen, Dinggang},
	journal={Human brain mapping},
	volume={36},
	number={12},
	pages={5183--5195},
	year={2015},
	publisher={Wiley Online Library}
}
@article{rekik2017joint,
	title={Joint prediction of longitudinal development of cortical surfaces and white matter fibers from neonatal MRI},
	author={Rekik, Islem and Li, Gang and Yap, Pew-Thian and Chen, Geng and Lin, Weili and Shen, Dinggang},
	journal={NeuroImage},
	volume={152},
	pages={411--424},
	year={2017},
	publisher={Elsevier}
}
@article{zhang2015deep,
  title={Deep convolutional neural networks for multi-modality isointense infant brain image segmentation},
  author={Zhang, Wenlu and Li, Rongjian and Deng, Houtao and Wang, Li and Lin, Weili and Ji, Shuiwang and Shen, Dinggang},
  journal={NeuroImage},
  volume={108},
  pages={214--224},
  year={2015},
  publisher={Elsevier}
}
@inproceedings{zhang2019frnet,
  title={Frnet: Flattened residual network for infant MRI skull stripping},
  author={Zhang, Qian and Wang, Li and Zong, Xiaopeng and Lin, Weili and Li, Gang and Shen, Dinggang},
  booktitle={2019 IEEE 16th International Symposium on Biomedical Imaging (ISBI 2019)},
  pages={999--1002},
  year={2019},
  organization={IEEE}
}
@inproceedings{he2016deep,
  title={Deep residual learning for image recognition},
  author={He, Kaiming and Zhang, Xiangyu and Ren, Shaoqing and Sun, Jian},
  booktitle={Proceedings of the IEEE conference on computer vision and pattern recognition},
  pages={770--778},
  year={2016}
}
@article{atkinson1999automatic,
  title={Automatic compensation of motion artifacts in MRI},
  author={Atkinson, David and Hill, Derek LG and Stoyle, Peter NR and Summers, Paul E and Clare, Stuart and Bowtell, Richard and Keevil, Stephen F},
  journal={Magnetic Resonance in Medicine: An Official Journal of the International Society for Magnetic Resonance in Medicine},
  volume={41},
  number={1},
  pages={163--170},
  year={1999},
  publisher={Wiley Online Library}
}
@article{zaitsev2006magnetic,
  title={Magnetic resonance imaging of freely moving objects: prospective real-time motion correction using an external optical motion tracking system},
  author={Zaitsev, Maxim and Dold, Christian and Sakas, Georgios and Hennig, J{\"u}rgen and Speck, Oliver},
  journal={Neuroimage},
  volume={31},
  number={3},
  pages={1038--1050},
  year={2006},
  publisher={Elsevier}
}
@article{aksoy2012hybrid,
  title={Hybrid prospective and retrospective head motion correction to mitigate cross-calibration errors},
  author={Aksoy, Murat and Forman, Christoph and Straka, Matus and {\c{C}}ukur, Tolga and Hornegger, Joachim and Bammer, Roland},
  journal={Magnetic resonance in medicine},
  volume={67},
  number={5},
  pages={1237--1251},
  year={2012},
  publisher={Wiley Online Library}
}
@article{zaitsev2015motion,
  title={Motion artifacts in MRI: A complex problem with many partial solutions},
  author={Zaitsev, Maxim and Maclaren, Julian and Herbst, Michael},
  journal={Journal of Magnetic Resonance Imaging},
  volume={42},
  number={4},
  pages={887--901},
  year={2015},
  publisher={Wiley Online Library}
}
@article{jenkinson2012fsl,
  title={Fsl},
  author={Jenkinson, Mark and Beckmann, Christian F and Behrens, Timothy EJ and Woolrich, Mark W and Smith, Stephen M},
  journal={Neuroimage},
  volume={62},
  number={2},
  pages={782--790},
  year={2012},
  publisher={Elsevier}
}
@article{sadananthan2010skull,
  title={Skull stripping using graph cuts},
  author={Sadananthan, Suresh A and Zheng, Weili and Chee, Michael WL and Zagorodnov, Vitali},
  journal={NeuroImage},
  volume={49},
  number={1},
  pages={225--239},
  year={2010},
  publisher={Elsevier}
}
@article{zhuang2006skull,
  title={Skull-stripping magnetic resonance brain images using a model-based level set},
  author={Zhuang, Audrey H and Valentino, Daniel J and Toga, Arthur W},
  journal={NeuroImage},
  volume={32},
  number={1},
  pages={79--92},
  year={2006},
  publisher={Elsevier}
}
@article{hwang20193d,
  title={3D U-Net for skull stripping in brain MRI},
  author={Hwang, Hyunho and Rehman, Hafiz Zia Ur and Lee, Sungon},
  journal={Applied Sciences},
  volume={9},
  number={3},
  pages={569},
  year={2019},
  publisher={Multidisciplinary Digital Publishing Institute}
}
@article{kalavathi2016methods,
  title={Methods on skull stripping of MRI head scan images—a review},
  author={Kalavathi, P and Prasath, VB Surya},
  journal={Journal of digital imaging},
  volume={29},
  number={3},
  pages={365--379},
  year={2016},
  publisher={Springer}
}
@article{mahapatra2012skull,
  title={Skull stripping of neonatal brain MRI: using prior shape information with graph cuts},
  author={Mahapatra, Dwarikanath},
  journal={Journal of digital imaging},
  volume={25},
  number={6},
  pages={802--814},
  year={2012},
  publisher={Springer}
}
@article{shi2012label,
  title={LABEL: pediatric brain extraction using learning-based meta-algorithm},
  author={Shi, Feng and Wang, Li and Dai, Yakang and Gilmore, John H and Lin, Weili and Shen, Dinggang},
  journal={Neuroimage},
  volume={62},
  number={3},
  pages={1975--1986},
  year={2012},
  publisher={Elsevier}
}
@article{vovk2007review,
  title={A review of methods for correction of intensity inhomogeneity in MRI},
  author={Vovk, Uro and Pernus, Franjo and Likar, Botjan},
  journal={IEEE transactions on medical imaging},
  volume={26},
  number={3},
  pages={405--421},
  year={2007},
  publisher={IEEE}
}
@article{sled1998nonparametric,
  title={A nonparametric method for automatic correction of intensity nonuniformity in MRI data},
  author={Sled, John G and Zijdenbos, Alex P and Evans, Alan C},
  journal={IEEE transactions on medical imaging},
  volume={17},
  number={1},
  pages={87--97},
  year={1998},
  publisher={IEEE}
}
@article{tustison2010n4itk,
  title={N4ITK: improved N3 bias correction},
  author={Tustison, Nicholas J and Avants, Brian B and Cook, Philip A and Zheng, Yuanjie and Egan, Alexander and Yushkevich, Paul A and Gee, James C},
  journal={IEEE transactions on medical imaging},
  volume={29},
  number={6},
  pages={1310--1320},
  year={2010},
  publisher={IEEE}
}
@article{wang2011automatic,
  title={Automatic segmentation of neonatal images using convex optimization and coupled level sets},
  author={Wang, Li and Shi, Feng and Lin, Weili and Gilmore, John H and Shen, Dinggang},
  journal={NeuroImage},
  volume={58},
  number={3},
  pages={805--817},
  year={2011},
  publisher={Elsevier}
}
@article{belaroussi2006intensity,
  title={Intensity non-uniformity correction in MRI: existing methods and their validation},
  author={Belaroussi, Boubakeur and Milles, Julien and Carme, Sabin and Zhu, Yue Min and Benoit-Cattin, Hugues},
  journal={Medical image analysis},
  volume={10},
  number={2},
  pages={234--246},
  year={2006},
  publisher={Elsevier}
}
@article{jenkinson2001global,
  title={A global optimisation method for robust affine registration of brain images},
  author={Jenkinson, Mark and Smith, Stephen},
  journal={Medical image analysis},
  volume={5},
  number={2},
  pages={143--156},
  year={2001},
  publisher={Elsevier}
}
@article{jenkinson2002improved,
  title={Improved optimization for the robust and accurate linear registration and motion correction of brain images},
  author={Jenkinson, Mark and Bannister, Peter and Brady, Michael and Smith, Stephen},
  journal={Neuroimage},
  volume={17},
  number={2},
  pages={825--841},
  year={2002},
  publisher={Elsevier}
}
@article{avants2008symmetric,
  title={Symmetric diffeomorphic image registration with cross-correlation: evaluating automated labeling of elderly and neurodegenerative brain},
  author={Avants, Brian B and Epstein, Charles L and Grossman, Murray and Gee, James C},
  journal={Medical image analysis},
  volume={12},
  number={1},
  pages={26--41},
  year={2008},
  publisher={Elsevier}
}
@article{tzourio2002automated,
  title={Automated anatomical labeling of activations in SPM using a macroscopic anatomical parcellation of the MNI MRI single-subject brain},
  author={Tzourio-Mazoyer, Nathalie and Landeau, Brigitte and Papathanassiou, Dimitri and Crivello, Fabrice and Etard, Olivier and Delcroix, Nicolas and Mazoyer, Bernard and Joliot, Marc},
  journal={Neuroimage},
  volume={15},
  number={1},
  pages={273--289},
  year={2002},
  publisher={Elsevier}
}
@article{shattuck2002brainsuite,
  title={BrainSuite: an automated cortical surface identification tool},
  author={Shattuck, David W and Leahy, Richard M},
  journal={Medical image analysis},
  volume={6},
  number={2},
  pages={129--142},
  year={2002},
  publisher={Elsevier}
}
@article{sotiras2013deformable,
  title={Deformable medical image registration: A survey},
  author={Sotiras, Aristeidis and Davatzikos, Christos and Paragios, Nikos},
  journal={IEEE transactions on medical imaging},
  volume={32},
  number={7},
  pages={1153--1190},
  year={2013},
  publisher={IEEE}
}
@article{shi2011infant,
  title={Infant brain atlases from neonates to 1-and 2-year-olds},
  author={Shi, Feng and Yap, Pew-Thian and Wu, Guorong and Jia, Hongjun and Gilmore, John H and Lin, Weili and Shen, Dinggang},
  journal={PloS one},
  volume={6},
  number={4},
  pages={e18746},
  year={2011},
  publisher={Public Library of Science}
}
@article{wang2014segmentation,
  title={Segmentation of neonatal brain MR images using patch-driven level sets},
  author={Wang, Li and Shi, Feng and Li, Gang and Gao, Yaozong and Lin, Weili and Gilmore, John H and Shen, Dinggang},
  journal={NeuroImage},
  volume={84},
  pages={141--158},
  year={2014},
  publisher={Elsevier}
}
@article{shi2010neonatal,
  title={Neonatal brain image segmentation in longitudinal MRI studies},
  author={Shi, Feng and Fan, Yong and Tang, Songyuan and Gilmore, John H and Lin, Weili and Shen, Dinggang},
  journal={Neuroimage},
  volume={49},
  number={1},
  pages={391--400},
  year={2010},
  publisher={Elsevier}
}
@article{anbeek2013automatic,
  title={Automatic segmentation of eight tissue classes in neonatal brain MRI},
  author={Anbeek, Petronella and I{\v{s}}gum, Ivana and van Kooij, Britt JM and Mol, Christian P and Kersbergen, Karina J and Groenendaal, Floris and Viergever, Max A and de Vries, Linda S and Benders, Manon JNL},
  journal={PloS one},
  volume={8},
  number={12},
  pages={e81895},
  year={2013},
  publisher={Public Library of Science}
}
@article{wang2015links,
  title={LINKS: Learning-based multi-source IntegratioN frameworK for Segmentation of infant brain images},
  author={Wang, Li and Gao, Yaozong and Shi, Feng and Li, Gang and Gilmore, John H and Lin, Weili and Shen, Dinggang},
  journal={NeuroImage},
  volume={108},
  pages={160--172},
  year={2015},
  publisher={Elsevier}
}
@inproceedings{nie2016fully,
  title={Fully convolutional networks for multi-modality isointense infant brain image segmentation},
  author={Nie, Dong and Wang, Li and Gao, Yaozong and Shen, Dinggang},
  booktitle={2016 IEEE 13Th international symposium on biomedical imaging (ISBI)},
  pages={1342--1345},
  year={2016},
  organization={IEEE}
}
@article{beare2016neonatal,
  title={Neonatal brain tissue classification with morphological adaptation and unified segmentation},
  author={Beare, Richard J and Chen, Jian and Kelly, Claire E and Alexopoulos, Dimitrios and Smyser, Christopher D and Rogers, Cynthia E and Loh, Wai Y and Matthews, Lillian G and Cheong, Jeanie LY and Spittle, Alicia J and others},
  journal={Frontiers in neuroinformatics},
  volume={10},
  pages={12},
  year={2016},
  publisher={Frontiers}
}
@article{gui2012morphology,
  title={Morphology-driven automatic segmentation of MR images of the neonatal brain},
  author={Gui, Laura and Lisowski, Radoslaw and Faundez, Tamara and H{\"u}ppi, Petra S and Lazeyras, Fran{\c{c}}ois and Kocher, Michel},
  journal={Medical image analysis},
  volume={16},
  number={8},
  pages={1565--1579},
  year={2012},
  publisher={Elsevier}
}
@article{han2003topology,
  title={A topology preserving level set method for geometric deformable models},
  author={Han, Xiao and Xu, Chenyang and Prince, Jerry L.},
  journal={IEEE Transactions on Pattern Analysis and Machine Intelligence},
  volume={25},
  number={6},
  pages={755--768},
  year={2003},
  publisher={IEEE}
}
@article{han2004cruise,
  title={CRUISE: cortical reconstruction using implicit surface evolution},
  author={Han, Xiao and Pham, Dzung L and Tosun, Duygu and Rettmann, Maryam E and Xu, Chenyang and Prince, Jerry L},
  journal={NeuroImage},
  volume={23},
  number={3},
  pages={997--1012},
  year={2004},
  publisher={Elsevier}
}
@article{lorensen1987marching,
  title={Marching cubes: A high resolution 3D surface construction algorithm},
  author={Lorensen, William E and Cline, Harvey E},
  journal={ACM siggraph computer graphics},
  volume={21},
  number={4},
  pages={163--169},
  year={1987},
  publisher={ACM New York, NY, USA}
}
@article{li2014mapping,
  title={Mapping longitudinal hemispheric structural asymmetries of the human cerebral cortex from birth to 2 years of age},
  author={Li, Gang and Nie, Jingxin and Wang, Li and Shi, Feng and Lyall, Amanda E and Lin, Weili and Gilmore, John H and Shen, Dinggang},
  journal={Cerebral cortex},
  volume={24},
  number={5},
  pages={1289--1300},
  year={2014},
  publisher={Oxford University Press}
}
@article{li2012consistent,
  title={Consistent reconstruction of cortical surfaces from longitudinal brain MR images},
  author={Li, Gang and Nie, Jingxin and Wu, Guorong and Wang, Yaping and Shen, Dinggang and Alzheimer's Disease Neuroimaging Initiative and others},
  journal={Neuroimage},
  volume={59},
  number={4},
  pages={3805--3820},
  year={2012},
  publisher={Elsevier}
}
@article{sun2019topological,
  title={Topological correction of infant white matter surfaces using anatomically constrained convolutional neural network},
  author={Sun, Liang and Zhang, Daoqiang and Lian, Chunfeng and Wang, Li and Wu, Zhengwang and Shao, Wei and Lin, Weili and Shen, Dinggang and Li, Gang and UNC/UMN Baby Connectome Project Consortium and others},
  journal={NeuroImage},
  volume={198},
  pages={114--124},
  year={2019},
  publisher={Elsevier}
}
@inproceedings{hao2016learning,
  title={Learning-based topological correction for infant cortical surfaces},
  author={Hao, Shijie and Li, Gang and Wang, Li and Meng, Yu and Shen, Dinggang},
  booktitle={International Conference on Medical Image Computing and Computer-Assisted Intervention},
  pages={219--227},
  year={2016},
  organization={Springer}
}
@article{destrieux2010automatic,
  title={Automatic parcellation of human cortical gyri and sulci using standard anatomical nomenclature},
  author={Destrieux, Christophe and Fischl, Bruce and Dale, Anders and Halgren, Eric},
  journal={Neuroimage},
  volume={53},
  number={1},
  pages={1--15},
  year={2010},
  publisher={Elsevier}
}
@article{xia2019fetal,
  title={Fetal cortical surface atlas parcellation based on growth patterns},
  author={Xia, Jing and Wang, Fan and Benkarim, Oualid M and Sanroma, Gerard and Piella, Gemma and Gonz{\'a}lez Ballester, Miguel A and Hahner, Nadine and Eixarch, Elisenda and Zhang, Caiming and Shen, Dinggang and others},
  journal={Human brain mapping},
  volume={40},
  number={13},
  pages={3881--3899},
  year={2019},
  publisher={Wiley Online Library}
}
@article{schaefer2018local,
  title={Local-global parcellation of the human cerebral cortex from intrinsic functional connectivity MRI},
  author={Schaefer, Alexander and Kong, Ru and Gordon, Evan M and Laumann, Timothy O and Zuo, Xi-Nian and Holmes, Avram J and Eickhoff, Simon B and Yeo, BT Thomas},
  journal={Cerebral cortex},
  volume={28},
  number={9},
  pages={3095--3114},
  year={2018},
  publisher={Oxford University Press}
}
@article{li2014simultaneous,
  title={Simultaneous and consistent labeling of longitudinal dynamic developing cortical surfaces in infants},
  author={Li, Gang and Wang, Li and Shi, Feng and Lin, Weili and Shen, Dinggang},
  journal={Medical image analysis},
  volume={18},
  number={8},
  pages={1274--1289},
  year={2014},
  publisher={Elsevier}
}
@inproceedings{zhao2019sphericalisbi,
  title={Spherical U-Net for infant cortical surface parcellation},
  author={Zhao, Fenqiang and Xia, Shunren and Wu, Zhengwang and Wang, Li and Chen, Zengsi and Lin, Weili and Gilmore, John H and Shen, Dinggang and Li, Gang},
  booktitle={2019 IEEE 16th International Symposium on Biomedical Imaging (ISBI 2019)},
  pages={1882--1886},
  year={2019},
  organization={IEEE}
}
@inproceedings{zhao2019sphericalipmi,
  title={Spherical U-Net on cortical surfaces: methods and applications},
  author={Zhao, Fenqiang and Xia, Shunren and Wu, Zhengwang and Duan, Dingna and Wang, Li and Lin, Weili and Gilmore, John H and Shen, Dinggang and Li, Gang},
  booktitle={International Conference on Information Processing in Medical Imaging},
  pages={855--866},
  year={2019},
  organization={Springer}
}
@inproceedings{krizhevsky2012imagenet,
	title={Imagenet classification with deep convolutional neural networks},
	author={Krizhevsky, Alex and Sutskever, Ilya and Hinton, Geoffrey E},
	booktitle={Advances in neural information processing systems},
	pages={1097--1105},
	year={2012}
}
@inproceedings{long2015fully,
	title={Fully convolutional networks for semantic segmentation},
	author={Long, Jonathan and Shelhamer, Evan and Darrell, Trevor},
	booktitle={Proceedings of the IEEE conference on computer vision and pattern recognition},
	pages={3431--3440},
	year={2015}
}
@inproceedings{ren2015faster,
	title={Faster r-cnn: Towards real-time object detection with region proposal networks},
	author={Ren, Shaoqing and He, Kaiming and Girshick, Ross and Sun, Jian},
	booktitle={Advances in neural information processing systems},
	pages={91--99},
	year={2015}
}
@inproceedings{ronneberger2015u,
	title={U-net: Convolutional networks for biomedical image segmentation},
	author={Ronneberger, Olaf and Fischer, Philipp and Brox, Thomas},
	booktitle={International Conference on Medical image computing and computer-assisted intervention},
	pages={234--241},
	year={2015},
	organization={Springer}
}
@article{li2018h,
	title={H-DenseUNet: hybrid densely connected UNet for liver and tumor segmentation from CT volumes},
	author={Li, Xiaomeng and Chen, Hao and Qi, Xiaojuan and Dou, Qi and Fu, Chi-Wing and Heng, Pheng-Ann},
	journal={IEEE transactions on medical imaging},
	volume={37},
	number={12},
	pages={2663--2674},
	year={2018},
	publisher={IEEE}
}
@inproceedings{milletari2016v,
	title={V-net: Fully convolutional neural networks for volumetric medical image segmentation},
	author={Milletari, Fausto and Navab, Nassir and Ahmadi, Seyed-Ahmad},
	booktitle={2016 Fourth International Conference on 3D Vision (3DV)},
	pages={565--571},
	year={2016},
	organization={IEEE}
}
@inproceedings{cciccek20163d,
	title={3D U-Net: learning dense volumetric segmentation from sparse annotation},
	author={{\c{C}}i{\c{c}}ek, {\"O}zg{\"u}n and Abdulkadir, Ahmed and Lienkamp, Soeren S and Brox, Thomas and Ronneberger, Olaf},
	booktitle={International conference on medical image computing and computer-assisted intervention},
	pages={424--432},
	year={2016},
	organization={Springer}
}
@incollection{nie2016estimating,
	title={Estimating CT image from MRI data using 3D fully convolutional networks},
	author={Nie, Dong and Cao, Xiaohuan and Gao, Yaozong and Wang, Li and Shen, Dinggang},
	booktitle={Deep Learning and Data Labeling for Medical Applications},
	pages={170--178},
	year={2016},
	publisher={Springer}
}
@inproceedings{xiang2018ultra,
	title={Ultra-fast t2-weighted MR reconstruction using complementary t1-weighted information},
	author={Xiang, Lei and Chen, Yong and Chang, Weitang and Zhan, Yiqiang and Lin, Weili and Wang, Qian and Shen, Dinggang},
	booktitle={International Conference on Medical Image Computing and Computer-Assisted Intervention},
	pages={215--223},
	year={2018},
	organization={Springer}
}
@article{balakrishnan2019voxelmorph,
	title={VoxelMorph: a learning framework for deformable medical image registration},
	author={Balakrishnan, Guha and Zhao, Amy and Sabuncu, Mert R and Guttag, John and Dalca, Adrian V},
	journal={IEEE transactions on medical imaging},
	year={2019},
	publisher={IEEE}
}
@article{dale1999cortical,
	title={Cortical surface-based analysis: I. Segmentation and surface reconstruction},
	author={Dale, Anders M and Fischl, Bruce and Sereno, Martin I},
	journal={Neuroimage},
	volume={9},
	number={2},
	pages={179--194},
	year={1999},
	publisher={Elsevier}
}
@article{fischl1999cortical,
	title={Cortical surface-based analysis: II: inflation, flattening, and a surface-based coordinate system},
	author={Fischl, Bruce and Sereno, Martin I and Dale, Anders M},
	journal={Neuroimage},
	volume={9},
	number={2},
	pages={195--207},
	year={1999},
	publisher={Elsevier}
}
@article{fischl2012freesurfer,
	title={FreeSurfer},
	author={Fischl, Bruce},
	journal={Neuroimage},
	volume={62},
	number={2},
	pages={774--781},
	year={2012},
	publisher={Elsevier}
}
@article{seong2018geometric,
	title={Geometric convolutional neural network for analyzing surface-based neuroimaging data},
	author={Seong, Si-Baek and Pae, Chongwon and Park, Hae-Jeong},
	journal={Frontiers in Neuroinformatics},
	volume={12},
	pages={42},
	year={2018},
	publisher={Frontiers}
}
@article{bronstein2017geometric,
	title={Geometric deep learning: going beyond euclidean data},
	author={Bronstein, Michael M and Bruna, Joan and LeCun, Yann and Szlam, Arthur and Vandergheynst, Pierre},
	journal={IEEE Signal Processing Magazine},
	volume={34},
	number={4},
	pages={18--42},
	year={2017},
	publisher={IEEE}
}
@inproceedings{monti2017geometric,
title={Geometric deep learning on graphs and manifolds using mixture model cnns},
author={Monti, Federico and Boscaini, Davide and Masci, Jonathan and Rodola, Emanuele and Svoboda, Jan and Bronstein, Michael M},
booktitle={Proceedings of the IEEE Conference on Computer Vision and Pattern Recognition},
pages={5115--5124},
year={2017}
}
@inproceedings{liu2019deep,
	title={Deep Modeling of Growth Trajectories for Longitudinal Prediction of Missing Infant Cortical Surfaces},
	author={Liu, Peirong and Wu, Zhengwang and Li, Gang and Yap, Pew-Thian and Shen, Dinggang},
	booktitle={International Conference on Information Processing in Medical Imaging},
	pages={277--288},
	year={2019},
	organization={Springer}
}
@article{gopinath2019graph,
	title={Graph convolutions on spectral embeddings for cortical surface parcellation},
	author={Gopinath, Karthik and Desrosiers, Christian and Lombaert, Herve},
	journal={Medical image analysis},
	volume={54},
	pages={297--305},
	year={2019},
	publisher={Elsevier}
}
@inproceedings{gopinath2019adaptive,
	title={Adaptive Graph Convolution Pooling for Brain Surface Analysis},
	author={Gopinath, Karthik and Desrosiers, Christian and Lombaert, Herve},
	booktitle={International Conference on Information Processing in Medical Imaging},
	pages={86--98},
	year={2019},
	organization={Springer}
}
@inproceedings{lombaert2015brain,
	title={Brain transfer: spectral analysis of cortical surfaces and functional maps},
	author={Lombaert, Herve and Arcaro, Michael and Ayache, Nicholas},
	booktitle={International Conference on Information Processing in Medical Imaging},
	pages={474--487},
	year={2015},
	organization={Springer}
}
@inproceedings{yang2018object,
	title={Object detection in equirectangular panorama},
	author={Yang, Wenyan and Qian, Yanlin and K{\"a}m{\"a}r{\"a}inen, Joni-Kristian and Cricri, Francesco and Fan, Lixin},
	booktitle={2018 24th International Conference on Pattern Recognition (ICPR)},
	pages={2190--2195},
	year={2018},
	organization={IEEE}
}
@article{sitzmann2018saliency,
	title={Saliency in VR: How do people explore virtual environments?},
	author={Sitzmann, Vincent and Serrano, Ana and Pavel, Amy and Agrawala, Maneesh and Gutierrez, Diego and Masia, Belen and Wetzstein, Gordon},
	journal={IEEE transactions on visualization and computer graphics},
	volume={24},
	number={4},
	pages={1633--1642},
	year={2018},
	publisher={IEEE}
}
@inproceedings{s2018spherical,
	title={Spherical {CNN}s},
	author={Taco S. Cohen and Mario Geiger and Jonas Köhler and Max Welling},
	booktitle={International Conference on Learning Representations},
	year={2018},
}
@inproceedings{su2017learning,
	title={Learning spherical convolution for fast features from 360 imagery},
	author={Su, Yu-Chuan and Grauman, Kristen},
	booktitle={Advances in Neural Information Processing Systems},
	pages={529--539},
	year={2017}
}
@inproceedings{tateno2018distortion,
	title={Distortion-aware convolutional filters for dense prediction in panoramic images},
	author={Tateno, Keisuke and Navab, Nassir and Tombari, Federico},
	booktitle={Proceedings of the European Conference on Computer Vision (ECCV)},
	pages={707--722},
	year={2018}
}
@inproceedings{rao2019spherical,
	title={Spherical Fractal Convolutional Neural Networks for Point Cloud Recognition},
	author={Rao, Yongming and Lu, Jiwen and Zhou, Jie},
	booktitle={Proceedings of the IEEE Conference on Computer Vision and Pattern Recognition},
	pages={452--460},
	year={2019}
}
@inproceedings{lee2019spherephd,
	title={SpherePHD: Applying CNNs on a Spherical PolyHeDron Representation of 360deg Images},
	author={Lee, Yeonkun and Jeong, Jaeseok and Yun, Jongseob and Cho, Wonjune and Yoon, Kuk-Jin},
	booktitle={Proceedings of the IEEE Conference on Computer Vision and Pattern Recognition},
	pages={9181--9189},
	year={2019}
}
@inproceedings{liu2018deep,
	title={Deep Learning 3D Shapes Using Alt-az Anisotropic 2-Sphere Convolution},
	author={Min Liu and Fupin Yao and Chiho Choi and Sinha Ayan and Karthik Ramani},
	booktitle={International Conference on Learning Representations},
	year={2019}
}
@inproceedings{zhao2019spherical_ipmi,
	title={Spherical U-Net on Cortical Surfaces: Methods and Applications},
	author={Zhao, Fenqiang and Xia, Shunren and Wu, Zhengwang and Duan, Dingna and Wang, Li and Lin, Weili and Gilmore, John H and Shen, Dinggang and Li, Gang},
	booktitle={International Conference on Information Processing in Medical Imaging},
	pages={855--866},
	year={2019},
	organization={Springer}
}
@inproceedings{zhao2019spherical_isbi,
	title={Spherical U-Net For Infant Cortical Surface Parcellation},
	author={Zhao, Fenqiang and Xia, Shunren and Wu, Zhengwang and Wang, Li and Chen, Zengsi and Lin, Weili and Gilmore, John H and Shen, Dinggang and Li, Gang},
	booktitle={2019 IEEE 16th International Symposium on Biomedical Imaging (ISBI 2019)},
	pages={1882--1886},
	year={2019},
	organization={IEEE}
}
@inproceedings{niepert2016learning,
	title={Learning convolutional neural networks for graphs},
	author={Niepert, Mathias and Ahmed, Mohamed and Kutzkov, Konstantin},
	booktitle={International conference on machine learning},
	pages={2014--2023},
	year={2016}
}
@inproceedings{jiang2018spherical,
	title={Spherical {CNN}s on Unstructured Grids},
	author={Chiyu Max Jiang and Jingwei Huang and Karthik Kashinath and Prabhat and Philip Marcus and Matthias Niessner},
	booktitle={International Conference on Learning Representations},
	year={2019}
}
@article{cohen2019gauge,
	title={Gauge equivariant convolutional networks and the icosahedral cnn},
	author={Cohen, Taco S and Weiler, Maurice and Kicanaoglu, Berkay and Welling, Max},
	journal={arXiv preprint arXiv:1902.04615},
	year={2019}
}
@article{badrinarayanan2017segnet,
	title={Segnet: A deep convolutional encoder-decoder architecture for image segmentation},
	author={Badrinarayanan, Vijay and Kendall, Alex and Cipolla, Roberto},
	journal={IEEE transactions on pattern analysis and machine intelligence},
	volume={39},
	number={12},
	pages={2481--2495},
	year={2017},
	publisher={IEEE}
}
@article{li2015construction,
	title={Construction of 4D high-definition cortical surface atlases of infants: Methods and applications},
	author={Li, Gang and Wang, Li and Shi, Feng and Gilmore, John H and Lin, Weili and Shen, Dinggang},
	journal={Medical image analysis},
	volume={25},
	number={1},
	pages={22--36},
	year={2015},
	publisher={Elsevier}
}
@article{greve2009accurate,
	title={Accurate and robust brain image alignment using boundary-based registration},
	author={Greve, Douglas N and Fischl, Bruce},
	journal={Neuroimage},
	volume={48},
	number={1},
	pages={63--72},
	year={2009},
	publisher={Elsevier}
}
@book{thurston1997three,
	title={Three-dimensional geometry and topology},
	author={Thurston, William P},
	volume={35},
	year={1997},
	publisher={Princeton university press}
}
@article{anwar2019deep,
	title={A Deep Journey into Super-resolution: A survey},
	author={Anwar, Saeed and Khan, Salman and Barnes, Nick},
	journal={arXiv preprint arXiv:1904.07523},
	year={2019}
}
@article{fan2019birnet,
	title={BIRNet: Brain image registration using dual-supervised fully convolutional networks},
	author={Fan, Jingfan and Cao, Xiaohuan and Yap, Pew-Thian and Shen, Dinggang},
	journal={Medical image analysis},
	volume={54},
	pages={193--206},
	year={2019},
	publisher={Elsevier}
}
@article{ioffe2015batch,
	title={Batch normalization: Accelerating deep network training by reducing internal covariate shift},
	author={Ioffe, Sergey and Szegedy, Christian},
	journal={arXiv preprint arXiv:1502.03167},
	year={2015}
}
@article{ulyanov2016instance,
	title={Instance normalization: The missing ingredient for fast stylization},
	author={Ulyanov, Dmitry and Vedaldi, Andrea and Lempitsky, Victor},
	journal={arXiv preprint arXiv:1607.08022},
	year={2016}
}
@article{fischl2004automatically,
	title={Automatically parcellating the human cerebral cortex},
	author={Fischl, Bruce and Van Der Kouwe, Andr{\'e} and Destrieux, Christophe and Halgren, Eric and S{\'e}gonne, Florent and Salat, David H and Busa, Evelina and Seidman, Larry J and Goldstein, Jill and Kennedy, David and others},
	journal={Cerebral cortex},
	volume={14},
	number={1},
	pages={11--22},
	year={2004},
	publisher={Oxford University Press}
}
@inproceedings{meng2015automatic,
	title={Automatic parcellation of cortical surfaces using random forests},
	author={Meng, Yu and Li, Gang and Gao, Yaozong and Shen, Dinggang},
	booktitle={2015 IEEE 12th International Symposium on Biomedical Imaging (ISBI)},
	pages={810--813},
	year={2015},
	organization={IEEE}
}
@article{yeo2008effects,
	title={Effects of registration regularization and atlas sharpness on segmentation accuracy},
	author={Yeo, BT Thomas and Sabuncu, Mert R and Desikan, Rahul and Fischl, Bruce and Golland, Polina},
	journal={Medical image analysis},
	volume={12},
	number={5},
	pages={603--615},
	year={2008},
	publisher={Elsevier}
}
@article{meng2017can,
	title={Can we predict subject-specific dynamic cortical thickness maps during infancy from birth?},
	author={Meng, Yu and Li, Gang and Rekik, Islem and Zhang, Han and Gao, Yaozong and Lin, Weili and Shen, Dinggang},
	journal={Human brain mapping},
	volume={38},
	number={6},
	pages={2865--2874},
	year={2017},
	publisher={Wiley Online Library}
}
@article{gilmore2018imaging,
	title={Imaging structural and functional brain development in early childhood},
	author={Gilmore, John H and Knickmeyer, Rebecca C and Gao, Wei},
	journal={Nature Reviews Neuroscience},
	volume={19},
	number={3},
	pages={123},
	year={2018},
	publisher={Nature Publishing Group}
}
@article{li2015spatial,
	title={Spatial patterns, longitudinal development, and hemispheric asymmetries of cortical thickness in infants from birth to 2 years of age},
	author={Li, Gang and Lin, Weili and Gilmore, John H and Shen, Dinggang},
	journal={Journal of neuroscience},
	volume={35},
	number={24},
	pages={9150--9162},
	year={2015},
	publisher={Soc Neuroscience}
}
@inproceedings{isola2017image,
	title={Image-to-image translation with conditional adversarial networks},
	author={Isola, Phillip and Zhu, Jun-Yan and Zhou, Tinghui and Efros, Alexei A},
	booktitle={Proceedings of the IEEE conference on computer vision and pattern recognition},
	pages={1125--1134},
	year={2017}
}
@inproceedings{dai2017deformable,
	title={Deformable convolutional networks},
	author={Dai, Jifeng and Qi, Haozhi and Xiong, Yuwen and Li, Yi and Zhang, Guodong and Hu, Han and Wei, Yichen},
	booktitle={Proceedings of the IEEE international conference on computer vision},
	pages={764--773},
	year={2017}
}
@inproceedings{zhu2017unpaired,
	title={Unpaired image-to-image translation using cycle-consistent adversarial networks},
	author={Zhu, Jun-Yan and Park, Taesung and Isola, Phillip and Efros, Alexei A},
	booktitle={Proceedings of the IEEE international conference on computer vision},
	pages={2223--2232},
	year={2017}
}
@article{dieleman2016exploiting,
	title={Exploiting cyclic symmetry in convolutional neural networks},
	author={Dieleman, Sander and De Fauw, Jeffrey and Kavukcuoglu, Koray},
	journal={arXiv preprint arXiv:1602.02660},
	year={2016}
}
@article{xu2014scale,
	title={Scale-invariant convolutional neural networks},
	author={Xu, Yichong and Xiao, Tianjun and Zhang, Jiaxing and Yang, Kuiyuan and Zhang, Zheng},
	journal={arXiv preprint arXiv:1411.6369},
	year={2014}
}
@inproceedings{worrall2017harmonic,
	title={Harmonic networks: Deep translation and rotation equivariance},
	author={Worrall, Daniel E and Garbin, Stephan J and Turmukhambetov, Daniyar and Brostow, Gabriel J},
	booktitle={Proceedings of the IEEE Conference on Computer Vision and Pattern Recognition},
	pages={5028--5037},
	year={2017}
}
@inproceedings{jaderberg2015spatial,
	title={Spatial transformer networks},
	author={Jaderberg, Max and Simonyan, Karen and Zisserman, Andrew and others},
	booktitle={Advances in neural information processing systems},
	pages={2017--2025},
	year={2015}
}
@article{chen2017rethinking,
	title={Rethinking atrous convolution for semantic image segmentation},
	author={Chen, Liang-Chieh and Papandreou, George and Schroff, Florian and Adam, Hartwig},
	journal={arXiv preprint arXiv:1706.05587},
	year={2017}
}
@article{yu2015multi,
	title={Multi-scale context aggregation by dilated convolutions},
	author={Yu, Fisher and Koltun, Vladlen},
	journal={arXiv preprint arXiv:1511.07122},
	year={2015}
}
@inproceedings{zhao2019harmonization,
	title={Harmonization of Infant Cortical Thickness Using Surface-to-Surface Cycle-Consistent Adversarial Networks},
	author={Zhao, Fenqiang and Wu, Zhengwang and Wang, Li and Lin, Weili and Xia, Shunren and Shen, Dinggang and Li, Gang and UNC/UMN Baby Connectome Project Consortium and others},
	booktitle={International Conference on Medical Image Computing and Computer-Assisted Intervention},
	pages={475--483},
	year={2019},
	organization={Springer}
}
@inproceedings{zhou2016learning,
	title={Learning deep features for discriminative localization},
	author={Zhou, Bolei and Khosla, Aditya and Lapedriza, Agata and Oliva, Aude and Torralba, Antonio},
	booktitle={Proceedings of the IEEE conference on computer vision and pattern recognition},
	pages={2921--2929},
	year={2016}
}
@article{li2014measuring,
	title={Measuring the dynamic longitudinal cortex development in infants by reconstruction of temporally consistent cortical surfaces},
	author={Li, Gang and Nie, Jingxin and Wang, Li and Shi, Feng and Gilmore, John H and Lin, Weili and Shen, Dinggang},
	journal={Neuroimage},
	volume={90},
	pages={266--279},
	year={2014},
	publisher={Elsevier}
}
@inproceedings{wu2019intrinsic,
	title={Intrinsic Patch-Based Cortical Anatomical Parcellation Using Graph Convolutional Neural Network on Surface Manifold},
	author={Wu, Zhengwang and Zhao, Fenqiang and Xia, Jing and Wang, Li and Lin, Weili and Gilmore, John H and Li, Gang and Shen, Dinggang},
	booktitle={International Conference on Medical Image Computing and Computer-Assisted Intervention},
	pages={492--500},
	year={2019},
	organization={Springer}
}
@inproceedings{li2015parcellation,
  title={Parcellation of infant surface atlas using developmental trajectories of multidimensional cortical attributes},
  author={Li, Gang and Wang, Li and Gilmore, John H and Lin, Weili and Shen, Dinggang},
  booktitle={International Conference on Medical Image Computing and Computer-Assisted Intervention},
  pages={543--550},
  year={2015},
  organization={Springer}
}
@inproceedings{wang2019revealing,
  title={Revealing Developmental Regionalization of Infant Cerebral Cortex Based on Multiple Cortical Properties},
  author={Wang, Fan and Lian, Chunfeng and Wu, Zhengwang and Wang, Li and Lin, Weili and Gilmore, John H and Shen, Dinggang and Li, Gang},
  booktitle={International Conference on Medical Image Computing and Computer-Assisted Intervention},
  pages={841--849},
  year={2019},
  organization={Springer}
}
@article{fortin2018harmonization,
  title={Harmonization of cortical thickness measurements across scanners and sites},
  author={Fortin, Jean-Philippe and Cullen, Nicholas and Sheline, Yvette I and Taylor, Warren D and Aselcioglu, Irem and Cook, Philip A and Adams, Phil and Cooper, Crystal and Fava, Maurizio and McGrath, Patrick J and others},
  journal={Neuroimage},
  volume={167},
  pages={104--120},
  year={2018},
  publisher={Elsevier}
}
@article{han2006reliability,
  title={Reliability of MRI-derived measurements of human cerebral cortical thickness: the effects of field strength, scanner upgrade and manufacturer},
  author={Han, Xiao and Jovicich, Jorge and Salat, David and van der Kouwe, Andre and Quinn, Brian and Czanner, Silvester and Busa, Evelina and Pacheco, Jenni and Albert, Marilyn and Killiany, Ronald and others},
  journal={Neuroimage},
  volume={32},
  number={1},
  pages={180--194},
  year={2006},
  publisher={Elsevier}
}
@article{takao2011effect,
  title={Effect of scanner in longitudinal studies of brain volume changes},
  author={Takao, Hidemasa and Hayashi, Naoto and Ohtomo, Kuni},
  journal={Journal of Magnetic Resonance Imaging},
  volume={34},
  number={2},
  pages={438--444},
  year={2011},
  publisher={Wiley Online Library}
}
@article{rao2017predictive,
  title={Predictive modelling using neuroimaging data in the presence of confounds},
  author={Rao, Anil and Monteiro, Joao M and Mourao-Miranda, Janaina and Alzheimer's Disease Initiative and others},
  journal={NeuroImage},
  volume={150},
  pages={23--49},
  year={2017},
  publisher={Elsevier}
}
@article{huynh2019multi,
  title={Multi-site harmonization of diffusion MRI data via method of moments},
  author={Huynh, Khoi Minh and Chen, Geng and Wu, Ye and Shen, Dinggang and Yap, Pew-Thian},
  journal={IEEE transactions on medical imaging},
  volume={38},
  number={7},
  pages={1599--1609},
  year={2019},
  publisher={IEEE}
}
@inproceedings{karayumak2018harmonizing,
  title={Harmonizing diffusion MRI data across magnetic field strengths},
  author={Karayumak, Suheyla Cetin and Kubicki, Marek and Rathi, Yogesh},
  booktitle={International Conference on Medical Image Computing and Computer-Assisted Intervention},
  pages={116--124},
  year={2018},
  organization={Springer}
}
@inproceedings{mirzaalian2015harmonizing,
  title={Harmonizing diffusion MRI data across multiple sites and scanners},
  author={Mirzaalian, Hengameh and de Pierrefeu, Amicie and Savadjiev, Peter and Pasternak, Ofer and Bouix, Sylvain and Kubicki, Marek and Westin, Carl-Fredrik and Shenton, Martha E and Rathi, Yogesh},
  booktitle={International Conference on Medical Image Computing and Computer-Assisted Intervention},
  pages={12--19},
  year={2015},
  organization={Springer}
}
@article{sawilowsky2009new,
  title={New effect size rules of thumb},
  author={Sawilowsky, Shlomo S},
  journal={Journal of Modern Applied Statistical Methods},
  volume={8},
  number={2},
  pages={26},
  year={2009}
}
@article{karayumak2019retrospective,
  title={Retrospective harmonization of multi-site diffusion MRI data acquired with different acquisition parameters},
  author={Karayumak, Suheyla Cetin and Bouix, Sylvain and Ning, Lipeng and James, Anthony and Crow, Tim and Shenton, Martha and Kubicki, Marek and Rathi, Yogesh},
  journal={Neuroimage},
  volume={184},
  pages={180--200},
  year={2019},
  publisher={Elsevier}
}
@article{yi2019generative,
  title={Generative adversarial network in medical imaging: A review},
  author={Yi, Xin and Walia, Ekta and Babyn, Paul},
  journal={Medical image analysis},
  volume={58},
  pages={101552},
  year={2019},
  publisher={Elsevier}
}
@inproceedings{dinsdale2020unlearning,
  title={Unlearning Scanner Bias for MRI Harmonisation},
  author={Dinsdale, Nicola K and Jenkinson, Mark and Namburete, Ana IL},
  booktitle={International Conference on Medical Image Computing and Computer-Assisted Intervention},
  pages={369--378},
  year={2020},
  organization={Springer}
}
@article{zhou2015cnnlocalization,
  title={{Learning Deep Features for Discriminative Localization.}},
  author={Zhou, B. and Khosla, A. and Lapedriza. A. and Oliva, A. and Torralba, A.},
  journal={CVPR},
  year={2016}
}
@article{gahm2018riemannian,
	title={Riemannian metric optimization on surfaces (RMOS) for intrinsic brain mapping in the Laplace--Beltrami embedding space},
	author={Gahm, Jin Kyu and Shi, Yonggang and Alzheimer’s Disease Neuroimaging Initiative and others},
	journal={Medical image analysis},
	volume={46},
	pages={189--201},
	year={2018},
	publisher={Elsevier}
}




@article{wang2015predict,
	title={Predict brain MR image registration via sparse learning of appearance and transformation},
	author={Wang, Qian and Kim, Minjeong and Shi, Yonghong and Wu, Guorong and Shen, Dinggang and Alzheimer’s Disease Neuroimaging Initiative and others},
	journal={Medical image analysis},
	volume={20},
	number={1},
	pages={61--75},
	year={2015},
	publisher={Elsevier}
}
@inproceedings{shen2019region,
	title={Region-specific Diffeomorphic Metric Mapping},
	author={Shen, Zhengyang and Vialard, Francois-Xavier and Niethammer, Marc},
	booktitle={Advances in Neural Information Processing Systems},
	pages={1096--1106},
	year={2019}
}
@inproceedings{zhao2020unsupervised,
	title={Unsupervised Learning for Spherical Surface Registration},
	author={Zhao, Fenqiang and Wu, Zhengwang and Wang, Li and Lin, Weili and Xia, Shunren and Shen, Dinggang and Li, Gang and UNC/UMN Baby Connectome Project Consortium and others},
	booktitle={International Workshop on Machine Learning in Medical Imaging},
	pages={373--383},
	year={2020},
	organization={Springer}
}
@inproceedings{xu2019deepatlas,
	title={Deepatlas: Joint semi-supervised learning of image registration and segmentation},
	author={Xu, Zhenlin and Niethammer, Marc},
	booktitle={International Conference on Medical Image Computing and Computer-Assisted Intervention},
	pages={420--429},
	year={2019},
	organization={Springer}
}
@inproceedings{liu2019probabilistic,
	title={Probabilistic multilayer regularization network for unsupervised 3D brain image registration},
	author={Liu, Lihao and Hu, Xiaowei and Zhu, Lei and Heng, Pheng-Ann},
	booktitle={International Conference on Medical Image Computing and Computer-Assisted Intervention},
	pages={346--354},
	year={2019},
	organization={Springer}
}
@article{gilmore2012longitudinal,
  title={Longitudinal development of cortical and subcortical gray matter from birth to 2 years},
  author={Gilmore, John H and Shi, Feng and Woolson, Sandra L and Knickmeyer, Rebecca C and Short, Sarah J and Lin, Weili and Zhu, Hongtu and Hamer, Robert M and Styner, Martin and Shen, Dinggang},
  journal={Cerebral cortex},
  volume={22},
  number={11},
  pages={2478--2485},
  year={2012},
  publisher={Oxford University Press}
}
@article{pomponio2020harmonization,
  title={Harmonization of large MRI datasets for the analysis of brain imaging patterns throughout the lifespan},
  author={Pomponio, Raymond and Erus, Guray and Habes, Mohamad and Doshi, Jimit and Srinivasan, Dhivya and Mamourian, Elizabeth and Bashyam, Vishnu and Nasrallah, Ilya M and Satterthwaite, Theodore D and Fan, Yong and others},
  journal={NeuroImage},
  volume={208},
  pages={116450},
  year={2020},
  publisher={Elsevier}
}
@article{simonyan2014very,
  title={Very deep convolutional networks for large-scale image recognition},
  author={Simonyan, Karen and Zisserman, Andrew},
  journal={arXiv preprint arXiv:1409.1556},
  year={2014}
}
@article{wu2019construction,
  title={Construction of 4D infant cortical surface atlases with sharp folding patterns via spherical patch-based group-wise sparse representation},
  author={Wu, Zhengwang and Wang, Li and Lin, Weili and Gilmore, John H and Li, Gang and Shen, Dinggang},
  journal={Human brain mapping},
  volume={40},
  number={13},
  pages={3860--3880},
  year={2019},
  publisher={Wiley Online Library}
}
@article{duan2019exploring,
  title={Exploring folding patterns of infant cerebral cortex based on multi-view curvature features: Methods and applications},
  author={Duan, Dingna and Xia, Shunren and Rekik, Islem and Meng, Yu and Wu, Zhengwang and Wang, Li and Lin, Weili and Gilmore, John H and Shen, Dinggang and Li, Gang},
  journal={Neuroimage},
  volume={185},
  pages={575--592},
  year={2019},
  publisher={Elsevier}
}
@article{gilmore2007regional,
  title={Regional gray matter growth, sexual dimorphism, and cerebral asymmetry in the neonatal brain},
  author={Gilmore, John H and Lin, Weili and Prastawa, Marcel W and Looney, Christopher B and Vetsa, Y Sampath K and Knickmeyer, Rebecca C and Evans, Dianne D and Smith, J Keith and Hamer, Robert M and Lieberman, Jeffrey A and others},
  journal={Journal of Neuroscience},
  volume={27},
  number={6},
  pages={1255--1260},
  year={2007},
  publisher={Soc Neuroscience}
}
@article{nie2012computational,
  title={A computational growth model for measuring dynamic cortical development in the first year of life},
  author={Nie, Jingxin and Li, Gang and Wang, Li and Gilmore, John H and Lin, Weili and Shen, Dinggang},
  journal={Cerebral cortex},
  volume={22},
  number={10},
  pages={2272--2284},
  year={2012},
  publisher={Oxford University Press}
}
@article{lyall2015dynamic,
  title={Dynamic development of regional cortical thickness and surface area in early childhood},
  author={Lyall, Amanda E and Shi, Feng and Geng, Xiujuan and Woolson, Sandra and Li, Gang and Wang, Li and Hamer, Robert M and Shen, Dinggang and Gilmore, John H},
  journal={Cerebral cortex},
  volume={25},
  number={8},
  pages={2204--2212},
  year={2015},
  publisher={Oxford University Press}
}
@inproceedings{niethammer2011geodesic,
  title={Geodesic regression for image time-series},
  author={Niethammer, Marc and Huang, Yang and Vialard, Fran{\c{c}}ois-Xavier},
  booktitle={International conference on medical image computing and computer-assisted intervention},
  pages={655--662},
  year={2011},
  organization={Springer}
}
@article{fletcher2013geodesic,
  title={Geodesic regression and the theory of least squares on Riemannian manifolds},
  author={Fletcher, P Thomas},
  journal={International journal of computer vision},
  volume={105},
  number={2},
  pages={171--185},
  year={2013},
  publisher={Springer}
}
@inproceedings{fishbaugh2014geodesic,
  title={Geodesic regression of image and shape data for improved modeling of 4D trajectories},
  author={Fishbaugh, James and Prastawa, Marcel and Gerig, Guido and Durrleman, Stanley},
  booktitle={2014 IEEE 11th International Symposium on Biomedical Imaging (ISBI)},
  pages={385--388},
  year={2014},
  organization={IEEE}
}
@inproceedings{fishbaugh2013geodesic,
  title={Geodesic shape regression in the framework of currents},
  author={Fishbaugh, James and Prastawa, Marcel and Gerig, Guido and Durrleman, Stanley},
  booktitle={International Conference on Information Processing in Medical Imaging},
  pages={718--729},
  year={2013},
  organization={Springer}
}
@inproceedings{sadeghi2014subject,
  title={Subject-specific prediction using nonlinear population modeling: application to early brain maturation from DTI},
  author={Sadeghi, Neda and Fletcher, P Thomas and Prastawa, Marcel and Gilmore, John H and Gerig, Guido},
  booktitle={International Conference on Medical Image Computing and Computer-Assisted Intervention},
  pages={33--40},
  year={2014},
  organization={Springer}
}
@article{ching2010weighted,
  title={A weighted local least squares imputation method for missing value estimation in microarray gene expression data},
  author={Ching, Wai-Ki and Li, Limin and Tsing, Nam-Kiu and Tai, Ching-Wan and Ng, Tuen-Wai and Wong, Alice and Cheng, Kwai-Wa},
  journal={International journal of data mining and bioinformatics},
  volume={4},
  number={3},
  pages={331--347},
  year={2010},
  publisher={Inderscience Publishers}
}
@article{cai2010singular,
  title={A singular value thresholding algorithm for matrix completion},
  author={Cai, Jian-Feng and Cand{\`e}s, Emmanuel J and Shen, Zuowei},
  journal={SIAM Journal on optimization},
  volume={20},
  number={4},
  pages={1956--1982},
  year={2010},
  publisher={SIAM}
}
@article{yuan2012multi,
  title={Multi-source feature learning for joint analysis of incomplete multiple heterogeneous neuroimaging data},
  author={Yuan, Lei and Wang, Yalin and Thompson, Paul M and Narayan, Vaibhav A and Ye, Jieping and Alzheimer's Disease Neuroimaging Initiative and others},
  journal={NeuroImage},
  volume={61},
  number={3},
  pages={622--632},
  year={2012},
  publisher={Elsevier}
}
@inproceedings{li2014deep,
  title={Deep learning based imaging data completion for improved brain disease diagnosis},
  author={Li, Rongjian and Zhang, Wenlu and Suk, Heung-Il and Wang, Li and Li, Jiang and Shen, Dinggang and Ji, Shuiwang},
  booktitle={International Conference on Medical Image Computing and Computer-Assisted Intervention},
  pages={305--312},
  year={2014},
  organization={Springer}
}
@article{thung2014neurodegenerative,
  title={Neurodegenerative disease diagnosis using incomplete multi-modality data via matrix shrinkage and completion},
  author={Thung, Kim-Han and Wee, Chong-Yaw and Yap, Pew-Thian and Shen, Dinggang and Alzheimer's Disease Neuroimaging Initiative and others},
  journal={NeuroImage},
  volume={91},
  pages={386--400},
  year={2014},
  publisher={Elsevier}
}
@article{meng2014spatial,
  title={Spatial distribution and longitudinal development of deep cortical sulcal landmarks in infants},
  author={Meng, Yu and Li, Gang and Lin, Weili and Gilmore, John H and Shen, Dinggang},
  journal={Neuroimage},
  volume={100},
  pages={206--218},
  year={2014},
  publisher={Elsevier}
}
@inproceedings{choi2018stargan,
  title={Stargan: Unified generative adversarial networks for multi-domain image-to-image translation},
  author={Choi, Yunjey and Choi, Minje and Kim, Munyoung and Ha, Jung-Woo and Kim, Sunghun and Choo, Jaegul},
  booktitle={Proceedings of the IEEE conference on computer vision and pattern recognition},
  pages={8789--8797},
  year={2018}
}
@article{goodfellow2014generative,
  title={Generative adversarial networks},
  author={Goodfellow, Ian J and Pouget-Abadie, Jean and Mirza, Mehdi and Xu, Bing and Warde-Farley, David and Ozair, Sherjil and Courville, Aaron and Bengio, Yoshua},
  journal={arXiv preprint arXiv:1406.2661},
  year={2014}
}
